@inproceedings{pennington2014glove,
  title={Glove: Global vectors for word representation},
  author={Pennington, Jeffrey and Socher, Richard and Manning, Christopher D},
  booktitle={Proceedings of the 2014 conference on empirical methods in natural language processing (EMNLP)},
  pages={1532--1543},
  year={2014}
}

@article{montagnon2020deep,
  title={Deep learning workflow in radiology: a primer},
  author={Montagnon, Emmanuel and Cerny, Milena and Cadrin-Ch{\^e}nevert, Alexandre and Hamilton, Vincent and Derennes, Thomas and Ilinca, Andr{\'e} and Vandenbroucke-Menu, Franck and Turcotte, Simon and Kadoury, Samuel and Tang, An},
  journal={Insights into imaging},
  volume={11},
  number={1},
  pages={1--15},
  year={2020},
  publisher={Springer}
}