%% LaTeX2e file `Tesi.bib'
%% generated by the `filecontents' environment
%% from source `Tesi' on 2021/09/27.
%%

